<?xml version="1.0" encoding="UTF-8"?><collection xmlns="http://www.loc.gov/MARC21/slim"><record><leader>00396nam--2200133-i-4500</leader><controlfield tag="001">000033634</controlfield><controlfield tag="002">20161230</controlfield><controlfield tag="005">20161230201039</controlfield><controlfield tag="008">060222s1000------------r-----000-0-eng-d</controlfield><datafield ind1=" " ind2=" " tag="080"><subfield code="a">621.381(A):681.32:015</subfield></datafield><datafield ind1=" " ind2=" " tag="100"><subfield code="a">Melrose, E</subfield></datafield><datafield ind1=" " ind2=" " tag="245"><subfield code="a">Contribution a la realisation d`un prototype d`analyseur differentiel digital.these</subfield></datafield><datafield ind1=" " ind2=" " tag="260"><subfield code="a">Grenoble, Faculte Des Sciences, 1966. P.Dif</subfield></datafield><datafield ind1=" " ind2=" " tag="852"><subfield code="a">38299</subfield></datafield></record></collection>